<?xml version="1.0" encoding="UTF-8"?><record xmlns="http://www.loc.gov/MARC21/slim" xmlns:cinclude="http://apache.org/cocoon/include/1.0" xmlns:zs="http://www.loc.gov/zing/srw/">
  <leader>00340nz  a2200121n  4500</leader>
  <controlfield tag="001">nr2003006538</controlfield>
  <controlfield tag="003">DLC</controlfield>
  <controlfield tag="005">20030320033110.0</controlfield>
  <controlfield tag="008">030225n| acannaabn          |n aaa     c</controlfield>
  <datafield tag="010" ind1=" " ind2=" ">
    <subfield code="a">nr2003006538</subfield>
  </datafield>
  <datafield tag="040" ind1=" " ind2=" ">
    <subfield code="a">PU</subfield>
    <subfield code="b">eng</subfield>
    <subfield code="c">PU</subfield>
  </datafield>
  <datafield tag="100" ind1="1" ind2=" ">
    <subfield code="a">Huth, Dirk,</subfield>
    <subfield code="d">1963-</subfield>
  </datafield>
  <datafield tag="670" ind1=" " ind2=" ">
    <subfield code="a">Sagas aus Ostisland, c1999:</subfield>
    <subfield code="b">t.p. (Dirk Huth) jkt. (b. 1963; Icelandic literature)</subfield>
  </datafield>
</record>